@article{Sundararajan2017,
 author = {Mukund Sundararajan and Ankur Taly and Qiqi Yan},
 title = {{Axiomatic Attribution for Deep Networks}},
 journal = {ArXiv e-prints},
 archivePrefix = "arXiv",
 eprint = {1703.01365},
 primaryClass = "cs.LG",
 year      = {2017},
 url       = {http://arxiv.org/abs/1703.01365},
 timestamp = {Wed, 07 Jun 2017 14:42:08 +0200},
 biburl    = {http://dblp.uni-trier.de/rec/bib/journals/corr/SundararajanTY17},
 bibsource = {dblp computer science bibliography, http://dblp.org}
}

@inproceedings{Datta2017,
 author="Datta, Anupam and Sen, Shayak and Zick, Yair",
 title="{{Algorithmic Transparency via Quantitative Input Influence}}",
 bookTitle="Proceedings of the 37th IEEE Symposium on Security and Privacy",
 year="2017",
}

@inproceedings{Ribeiro2016,
 author = {Ribeiro, Marco Tulio and Singh, Sameer and Guestrin, Carlos},
 title = {{``Why Should I Trust You?'': Explaining the Predictions of Any Classifier}},
 booktitle = {Proceedings of the 22nd ACM SIGKDD International Conference on Knowledge Discovery and Data Mining},
 @series = {KDD '16},
 year = {2016},
 isbn = {978-1-4503-4232-2},
 location = {San Francisco, California, USA},
 pages = {1135--1144},
 numpages = {10},
 url = {http://doi.acm.org/10.1145/2939672.2939778},
 doi = {10.1145/2939672.2939778},
 acmid = {2939778},
 publisher = {ACM},
 @address = {New York, NY, USA},
 keywords = {black box classifier, explaining machine learning, interpretability, interpretable machine learning},
}

@InProceedings{Tang2015,
 author    = {Tang, Duyu  and  Qin, Bing  and  Liu, Ting},
 title     = {{Document Modeling with Gated Recurrent Neural Network for Sentiment Classification}},
 booktitle = {Proceedings of the 2015 Conference on Empirical Methods in Natural Language Processing},
 @month     = {September},
 year      = {2015},
 @address   = {Lisbon, Portugal},
 publisher = {Association for Computational Linguistics},
 pages     = {1422--1432},
 url       = {http://aclweb.org/anthology/D15-1167}
}

@misc{Yelp2017,
 @author = {},
 title = {{Yelp Open Dataset}},
 @year = {2017},
 howpublished = "\url{https://www.yelp.com/dataset}",
 note = {Accessed: September 25, 2017}
}
