@article{Bengio1994,
 author = {Bengio, Y. and Simard, P. and Frasconi, P.},
 title = {{Learning Long-term Dependencies with Gradient Descent is Difficult}},
 journal = {Trans. Neur. Netw.},
 issue_date = {March 1994},
 volume = {5},
 number = {2},
 month = mar,
 year = {1994},
 issn = {1045-9227},
 pages = {157--166},
 numpages = {10},
 url = {http://dx.doi.org/10.1109/72.279181},
 doi = {10.1109/72.279181},
 acmid = {2328340},
 publisher = {IEEE Press},
 address = {Piscataway, NJ, USA},
}

@article {Elman1990,
 author = {Elman, Jeffrey L.},
 title = {{Finding Structure in Time}},
 journal = {Cognitive Science},
 volume = {14},
 number = {2},
 publisher = {Lawrence Erlbaum Associates, Inc.},
 issn = {1551-6709},
 url = {http://dx.doi.org/10.1207/s15516709cog1402_1},
 doi = {10.1207/s15516709cog1402_1},
 pages = {179--211},
 year = {1990},
}

@article{Fukushima1988,
 author = {Fukushima, Kunihiko},
 year = {1988},
 @month = {01},
 pages = {119-130},
 title = {Neocognitron: A hierarchical neural network capable of visual pattern recognition},
 volume = {1},
 booktitle = {Neural Networks}
}

@article{Hochreiter1997,
 author = {Hochreiter, Sepp and Schmidhuber, J\"{u}rgen},
 title = {{Long Short-Term Memory}},
 journal = {Neural Comput.},
 issue_date = {November 15, 1997},
 volume = {9},
 number = {8},
 month = nov,
 year = {1997},
 issn = {0899-7667},
 pages = {1735--1780},
 numpages = {46},
 url = {http://dx.doi.org/10.1162/neco.1997.9.8.1735},
 doi = {10.1162/neco.1997.9.8.1735},
 acmid = {1246450},
 publisher = {MIT Press},
 address = {Cambridge, MA, USA},
} 

@article{Lang1990,
 author = {Lang, Kevin J. and Waibel, Alex H. and Hinton, Geoffrey E.},
 title = {{A Time-delay Neural Network Architecture for Isolated Word Recognition}},
 journal = {Neural Netw.},
 issue_date = {1990},
 volume = {3},
 number = {1},
 month = jan,
 year = {1990},
 issn = {0893-6080},
 pages = {23--43},
 numpages = {21},
 url = {http://dx.doi.org/10.1016/0893-6080(90)90044-L},
 doi = {10.1016/0893-6080(90)90044-L},
 acmid = {82700},
 publisher = {Elsevier Science Ltd.},
 address = {Oxford, UK, UK},
}

@article{Lu2017,
 author = {Yuzhen Lu and Fathi M. Salem},
 title = {{Simplified Gating in Long Short-term Memory (LSTM) Recurrent Neural Networks}},
 journal = {ArXiv e-prints},
 archivePrefix = "arXiv",
 eprint = {1701.03441},
 keywords = {Computer Science - Neural and Evolutionary Computing, Statistics - Machine Learning},
 year = 2017,
 @month = jan,
 adsurl = {http://adsabs.harvard.edu/abs/2017arXiv170103441L},
 adsnote = {Provided by the SAO/NASA Astrophysics Data System}
}

@article {Marr1980,
 author = {Marr, D. and Hildreth, E.},
 title = {{Theory of edge detection}},
 volume = {207},
 number = {1167},
 pages = {187--217},
 year = {1980},
 doi = {10.1098/rspb.1980.0020},
 publisher = {The Royal Society},
 issn = {0080-4649},
 URL = {http://rspb.royalsocietypublishing.org/content/207/1167/187},
 eprint = {http://rspb.royalsocietypublishing.org/content/207/1167/187.full.pdf},
 journal = {Proceedings of the Royal Society of London B: Biological Sciences}
}

@article{ShrikumarGK17,
 author    = {Avanti Shrikumar and Peyton Greenside and Anshul Kundaje},
 title     = {{Learning Important Features Through Propagating Activation Differences}},
 journal   = {ArXiv e-prints},
 @volume    = {abs/1704.02685},
 year      = {2017},
 url       = {http://arxiv.org/abs/1704.02685},
 archivePrefix = {arXiv},
 eprint    = {1704.02685},
 timestamp = {Wed, 07 Jun 2017 14:42:28 +0200},
 biburl    = {http://dblp.org/rec/bib/journals/corr/ShrikumarGK17},
 bibsource = {dblp computer science bibliography, http://dblp.org}
}

@article{Sundararajan2017,
 author = {Mukund Sundararajan and Ankur Taly and Qiqi Yan},
 title = {{Axiomatic Attribution for Deep Networks}},
 journal = {ArXiv e-prints},
 archivePrefix = "arXiv",
 eprint = {1703.01365},
 primaryClass = "cs.LG",
 year      = {2017},
 url       = {http://arxiv.org/abs/1703.01365},
 timestamp = {Wed, 07 Jun 2017 14:42:08 +0200},
 biburl    = {http://dblp.uni-trier.de/rec/bib/journals/corr/SundararajanTY17},
 bibsource = {dblp computer science bibliography, http://dblp.org}
}

@article{ZarembaSV2014,
 author = {Wojciech Zaremba and Ilya Sutskever and Oriol Vinyals},
 title = {{Recurrent Neural Network Regularization}},
 journal = {ArXiv e-prints},
 @volume = {abs/1409.2329},
 year = {2014},
 url = {http://arxiv.org/abs/1409.2329},
 archivePrefix = {arXiv},
 eprint = {1409.2329},
 timestamp = {Wed, 07 Jun 2017 14:41:43 +0200},
 biburl = {http://dblp.org/rec/bib/journals/corr/ZarembaSV14},
 bibsource = {dblp computer science bibliography, http://dblp.org}
}

@incollection{Jordan1990,
 author = {Jordan, Michael I.},
 title = {{Attractor Dynamics and Parallelism in a Connectionist Sequential Machine}},
 editor = {Diederich, Joachim},
 year = {1990},
 isbn = {0-8186-2015-3},
 pages = {112--127},
 numpages = {16},
 url = {http://dl.acm.org/citation.cfm?id=104134.104148},
 acmid = {104148},
 publisher = {IEEE Press},
 address = {Piscataway, NJ, USA},
} 

@inproceedings{Burger2011,
 author = {Burger, John D. and Henderson, John and Kim, George and Zarrella, Guido},
 title = {{Discriminating Gender on Twitter}},
 booktitle = {Proceedings of the Conference on Empirical Methods in Natural Language Processing},
 @series = {EMNLP '11},
 year = {2011},
 isbn = {978-1-937284-11-4},
 location = {Edinburgh, United Kingdom},
 pages = {1301--1309},
 numpages = {9},
 url = {http://dl.acm.org/citation.cfm?id=2145432.2145568},
 acmid = {2145568},
 publisher = {Association for Computational Linguistics},
 @address = {Stroudsburg, PA, USA},
} 

@inproceedings{Datta2017,
 author="Datta, Anupam and Sen, Shayak and Zick, Yair",
 title="{{Algorithmic Transparency via Quantitative Input Influence}}",
 bookTitle="Proceedings of the 37th IEEE Symposium on Security and Privacy",
 year="2017",
}

@inproceedings{Mukherjee2010,
 author = {Mukherjee, Arjun and Liu, Bing},
 title = {{Improving Gender Classification of Blog Authors}},
 booktitle = {Proceedings of the 2010 Conference on Empirical Methods in Natural Language Processing},
 @series = {EMNLP '10},
 year = {2010},
 location = {Cambridge, Massachusetts},
 pages = {207--217},
 numpages = {11},
 url = {http://dl.acm.org/citation.cfm?id=1870658.1870679},
 acmid = {1870679},
 publisher = {Association for Computational Linguistics},
 @address = {Stroudsburg, PA, USA},
} 

@inproceedings{Ribeiro2016,
 author = {Ribeiro, Marco Tulio and Singh, Sameer and Guestrin, Carlos},
 title = {{``Why Should I Trust You?'': Explaining the Predictions of Any Classifier}},
 booktitle = {Proceedings of the 22nd ACM SIGKDD International Conference on Knowledge Discovery and Data Mining},
 @series = {KDD '16},
 year = {2016},
 isbn = {978-1-4503-4232-2},
 location = {San Francisco, California, USA},
 pages = {1135--1144},
 numpages = {10},
 url = {http://doi.acm.org/10.1145/2939672.2939778},
 doi = {10.1145/2939672.2939778},
 acmid = {2939778},
 publisher = {ACM},
 @address = {New York, NY, USA},
 keywords = {black box classifier, explaining machine learning, interpretability, interpretable machine learning},
}

@InProceedings{Tang2015,
 author    = {Tang, Duyu  and  Qin, Bing  and  Liu, Ting},
 title     = {{Document Modeling with Gated Recurrent Neural Network for Sentiment Classification}},
 booktitle = {Proceedings of the 2015 Conference on Empirical Methods in Natural Language Processing},
 @month     = {September},
 year      = {2015},
 @address   = {Lisbon, Portugal},
 publisher = {Association for Computational Linguistics},
 pages     = {1422--1432},
 url       = {http://aclweb.org/anthology/D15-1167}
}

@misc{GenderGuesser2017,
 title = {{Gender Guesser}},
 howpublished = "\url{https://pypi.python.org/pypi/gender-guesser/}",
 note = {Accessed: December 8, 2017}
}

@misc{Yelp2017,
 @author = {},
 title = {{Yelp Open Dataset}},
 @year = {2017},
 howpublished = "\url{https://www.yelp.com/dataset}",
 note = {Accessed: December 8, 2017}
}
